@MISC{Starner97augmentedreality,
 title={Augmented reality through wearable computing},
  author={Starner, Thad and Mann, Steve and Rhodes, Bradley and Levine, Jeffrey and Healey, Jennifer and Kirsch, Dana and Picard, Rosalind W and Pentland, Alex},
  journal={Presence: Teleoperators and Virtual Environments},
  volume={6},
  number={4},
  pages={386--398},
  year={1997}
}
@book{psychologyapa,
	author = {Alan E Kazdin},
	title = {Encyclopedia of Psychology: 8 Volume Set},
	year = {2000},
	isbn = {978-1-55798-187-5},

}
@article{repetto2013,
	year={2013},
	issn={1617-4909},
	journal={Personal and Ubiquitous Computing},
	volume={17},
	number={2},
	doi={10.1007/s00779-011-0467-0},
	title={Virtual reality and mobile phones in the treatment of generalized anxiety disorders: a phase-2 clinical trial},
	url={http://dx.doi.org/10.1007/s00779-011-0467-0},
	publisher={Springer-Verlag},
	keywords={Virtual reality; Mobile phones; Generalized anxiety disorders; Clinical trial; Ubiquitous computing},
	author={Repetto, Claudia and Gaggioli, Andrea and Pallavicini, Federica and Cipresso, Pietro and Raspelli, Simona and Riva, Giuseppe},
	pages={253-260},
	language={English}
}
@article{Chen2013,
 author = {Chen, Yunan and Ngo, Victor and Park, Sun Young},
 title = {Caring for Caregivers: Designing for Integrality},
 booktitle = {Proceedings of the 2013 Conference on Computer Supported Cooperative Work},
 series = {CSCW '13},
 year = {2013},
 isbn = {978-1-4503-1331-5},
 location = {San Antonio, Texas, USA},
 pages = {91--102},
 numpages = {12},
 url = {http://doi.acm.org/10.1145/2441776.2441789},
 doi = {10.1145/2441776.2441789},
 acmid = {2441789},
 publisher = {ACM},
 address = {New York, NY, USA},
 keywords = {caregiver, caregiving, health and wellness, healthcare technology, integrality, invisibility},
} 


@article{levine,
        Title = {What is stress},
        Author = {Levine S},
        Year = {1991},
        Journal = {Neurobiology and Neuroendoncrinology},
        Pages = {13—21},
}
@article{Dey2001,
 author = {Dey, Anind K.},
 title = {Understanding and Using Context},
 journal = {Personal Ubiquitous Comput.},
 issue_date = {February 2001},
 volume = {5},
 number = {1},
 month = jan,
 year = {2001},
 issn = {1617-4909},
 pages = {4--7},
 numpages = {4},
 url = {http://dx.doi.org/10.1007/s007790170019},
 doi = {10.1007/s007790170019},
 acmid = {593572},
 publisher = {Springer-Verlag},
 address = {London, UK, UK},
} 

 
@incollection{Aziz,
year={2012},
isbn={978-3-642-31086-7},
booktitle={Advanced Research in Applied Artificial Intelligence},
volume={7345},
series={Lecture Notes in Computer Science},
editor={Jiang, He and Ding, Wei and Ali, Moonis and Wu, Xindong},
doi={10.1007/978-3-642-31087-4_52},
title={An Ambient Agent Model for Support of Informal Caregivers during Stress},
url={http://dx.doi.org/10.1007/978-3-642-31087-4_52},
publisher={Springer Berlin Heidelberg},
keywords={Integrative ambient agent model; caregiver stress; caregiving interactions; intelligent support},
author={Aziz, AziziAb and Treur, Jan and van der Wal, C.Natalie},
pages={501-513},
language={English}
}

@article{Rhodes97thewearable,
  title={The wearable remembrance agent: A system for augmented memory},
  author={Rhodes, Bradley J},
  journal={Personal Technologies},
  volume={1},
  number={4},
  pages={218--224},
  year={1997},
  publisher={Springer}
}

@book{bernier2010autism,
  title={Autism Spectrum Disorders: A Reference Handbook},
  author={Bernier, R.A. and Gerdts, J.},
  isbn={9781598843347},
  lccn={2010018022},
  series={Contemporary world issues},
  url={http://books.google.com.mx/books?id=9RrshCudnIAC},
  year={2010},
  publisher={ABC-CLIO}
}

@inproceedings{Lu2012,
 author = {Lu, Hong and Frauendorfer, Denise and Rabbi, Mashfiqui and Mast, Marianne Schmid and Chittaranjan, Gokul T. and Campbell, Andrew T. and Gatica-Perez, Daniel and Choudhury, Tanzeem},
 title = {StressSense: Detecting Stress in Unconstrained Acoustic Environments Using Smartphones},
 booktitle = {Proceedings of the 2012 ACM Conference on Ubiquitous Computing},
 series = {UbiComp '12},
 year = {2012},
 isbn = {978-1-4503-1224-0},
 location = {Pittsburgh, Pennsylvania},
 pages = {351--360},
 numpages = {10},
 url = {http://doi.acm.org/10.1145/2370216.2370270},
 doi = {10.1145/2370216.2370270},
 acmid = {2370270},
 publisher = {ACM},
 address = {New York, NY, USA},
 keywords = {mHealth, model adaptation, sensing, stress, user modeling},
} 

@article{Sebastian2013556,
title = "A Theoretical Approach to Stress and Self-efficacy ",
journal = "Procedia - Social and Behavioral Sciences ",
volume = "78",
number = "0",
pages = "556 - 561",
year = "2013",
note = "\{PSIWORLD\} 2012 ",
issn = "1877-0428",
doi = "http://dx.doi.org/10.1016/j.sbspro.2013.04.350",
url = "http://www.sciencedirect.com/science/article/pii/S1877042813009191",
author = "VlÄsceanu Sebastian",
keywords = "stress",
keywords = "self-efficacy",
keywords = "stressor",
keywords = "cognitive",
keywords = "response "
}

@article {PMID2235645,
        Title = {Stress and anxiety},
        Author = {Robinson, L},
        Number = {4},
        Volume = {25},
        Month = {December},
        Year = {1990},
        Journal = {The Nursing clinics of North America},
        ISSN = {0029-6465},
        Pages = {935—943},
        URL = {http://europepmc.org/abstract/MED/2235645}
}
@inproceedings{Bakker2012SMS,
 author = {Bakker, Jorn and Holenderski, Leszek and Kocielnik, Rafal and Pechenizkiy, Mykola and Sidorova, Natalia},
 title = {Stess@Work: From Measuring Stress to Its Understanding, Prediction and Handling with Personalized Coaching},
 booktitle = {Proceedings of the 2Nd ACM SIGHIT International Health Informatics Symposium},
 series = {IHI '12},
 year = {2012},
 isbn = {978-1-4503-0781-9},
 location = {Miami, Florida, USA},
 pages = {673--678},
 numpages = {6},
 url = {http://doi.acm.org/10.1145/2110363.2110439},
 doi = {10.1145/2110363.2110439},
 acmid = {2110439},
 publisher = {ACM},
 address = {New York, NY, USA},
 keywords = {stress at work, stress coaching, stressors},
}
@inproceedings{Ayzenberg2012,
 author = {Ayzenberg, Yadid and Hernandez Rivera, Javier and Picard, Rosalind},
 title = {FEEL: Frequent EDA and Event Logging -- a Mobile Social Interaction Stress Monitoring System},
 booktitle = {CHI '12 Extended Abstracts on Human Factors in Computing Systems},
 series = {CHI EA '12},
 year = {2012},
 isbn = {978-1-4503-1016-1},
 location = {Austin, Texas, USA},
 pages = {2357--2362},
 numpages = {6},
 url = {http://doi.acm.org/10.1145/2212776.2223802},
 doi = {10.1145/2212776.2223802},
 acmid = {2223802},
 publisher = {ACM},
 address = {New York, NY, USA},
 keywords = {affective computing, contextual information, electrodermal activity, life-logging., mobile phone application, stress monitoring},
} 

@inproceedings{Ertin2011,
 author = {Ertin, Emre and Stohs, Nathan and Kumar, Santosh and Raij, Andrew and al'Absi, Mustafa and Shah, Siddharth},
 title = {AutoSense: Unobtrusively Wearable Sensor Suite for Inferring the Onset, Causality, and Consequences of Stress in the Field},
 booktitle = {Proceedings of the 9th ACM Conference on Embedded Networked Sensor Systems},
 series = {SenSys '11},
 year = {2011},
 isbn = {978-1-4503-0718-5},
 location = {Seattle, Washington},
 pages = {274--287},
 numpages = {14},
 url = {http://doi.acm.org/10.1145/2070942.2070970},
 doi = {10.1145/2070942.2070970},
 acmid = {2070970},
 publisher = {ACM},
 address = {New York, NY, USA},
 keywords = {deployment experiences, mobile health, psychological stress monitoring, wearable physiological sensors},
} 
@inproceedings{Rennert2013,
 author = {Rennert, Kara and Karapanos, Evangelos},
 title = {Faceit: Supporting Reflection Upon Social Anxiety Events with Lifelogging},
 booktitle = {CHI '13 Extended Abstracts on Human Factors in Computing Systems},
 series = {CHI EA '13},
 year = {2013},
 isbn = {978-1-4503-1952-2},
 location = {Paris, France},
 pages = {457--462},
 numpages = {6},
 url = {http://doi.acm.org/10.1145/2468356.2468437},
 doi = {10.1145/2468356.2468437},
 acmid = {2468437},
 publisher = {ACM},
 address = {New York, NY, USA},
 keywords = {cognitive behavioral therapy, lifelog, social anxiety},
}

@inproceedings{Kwon2009,
 author = {Kwon, Joung H. and Alan, Chalmers and Czanner, Silvester and Czanner, Gabriela and Powell, John},
 title = {A Study of Visual Perception: Social Anxiety and Virtual Realism},
 booktitle = {Proceedings of the 25th Spring Conference on Computer Graphics},
 series = {SCCG '09},
 year = {2009},
 isbn = {978-1-4503-0769-7},
 location = {Budmerice, Slovakia},
 pages = {167--172},
 numpages = {6},
 url = {http://doi.acm.org/10.1145/1980462.1980495},
 doi = {10.1145/1980462.1980495},
 acmid = {1980495},
 publisher = {ACM},
 address = {New York, NY, USA},
 keywords = {job interview phobia, social anxiety, virtual realism, visual perception},
}
@article{Hamilton1959,
	author = {HAMILTON, M.},
	title = {The assessment of anxiety states by rating.},
	booktitle = {The British journal of medical psychology},
	year = {1959},
	pages = {50-55},
 	issue_date = {February 2001},
}
@article{Bradford2013125,
title = "Concordance of self- and proxy-rated worry and anxiety symptoms in older adults with dementia ",
journal = "Journal of Anxiety Disorders ",
volume = "27",
number = "1",
pages = "125 - 130",
year = "2013",
note = "",
issn = "0887-6185",
doi = "http://dx.doi.org/10.1016/j.janxdis.2012.11.001",
url = "http://www.sciencedirect.com/science/article/pii/S0887618512001363",
author = "Andrea Bradford and Gretchen A. Brenes and Roberta A. Robinson and Nancy Wilson and A. Lynn Snow and Mark E. Kunik and Jessica Calleo and Nancy J. Petersen and Melinda A. Stanley and Amber B. Amspoker",
keywords = "Worry",
keywords = "Anxiety",
keywords = "Elders",
keywords = "Dementia",
keywords = "Self-ratings",
keywords = "Proxy ratings "
}
@article{CLARK1994354,
title = "Reliability and Validity of the Hamilton Anxiety Rating Scale in an Adolescent Sample ",
journal = "Journal of the American Academy of Child and Adolescent Psychiatry ",
volume = "33",
number = "3",
pages = "354 - 360",
year = "1994",
note = "",
issn = "0890-8567",
doi = "http://dx.doi.org/10.1097/00004583-199403000-00009",
url = "http://www.sciencedirect.com/science/article/pii/S0890856709641770",
author = "DUNCAN B. CLARK and JOHN E. DONOVAN",
keywords = "anxiety",
keywords = "adolescence",
keywords = "rating scales "
}

@inproceedings{Ishimaru2014,
 author = {Ishimaru, Shoya and Kunze, Kai and Kise, Koichi and Weppner, Jens and Dengel, Andreas and Lukowicz, Paul and Bulling, Andreas},
 title = {In the Blink of an Eye: Combining Head Motion and Eye Blink Frequency for Activity Recognition with Google Glass},
 booktitle = {Proceedings of the 5th Augmented Human International Conference},
 series = {AH '14},
 year = {2014},
 isbn = {978-1-4503-2761-9},
 location = {Kobe, Japan},
 pages = {15:1--15:4},
 articleno = {15},
 numpages = {4},
 url = {http://doi.acm.org/10.1145/2582051.2582066},
 doi = {10.1145/2582051.2582066},
 acmid = {2582066},
 publisher = {ACM},
 address = {New York, NY, USA},
 keywords = {Google Glass, IMU, activity recognition, blink frequency, head mounted sensor, infrared proximity sensor},
} 

@inproceedings{RamosHD14,
  author    = {Julian Ramos and
               Jin-Hyuk Hong and
               Anind K. Dey},
  title     = {Stress Recognition - A Step Outside the Lab},
  booktitle = {PhyCS},
  year      = {2014},
  pages     = {107-118},
  ee        = {http://dx.doi.org/10.5220/0004725701070118},
  crossref  = {DBLP:conf/phycs/2014},
  bibsource = {DBLP, http://dblp.uni-trier.de}
}
@proceedings{DBLP:conf/phycs/2014,
  editor    = {Andreas Holzinger and
               Stephen H. Fairclough and
               Dennis Majoe and
               Hugo Pl{\'a}cido da Silva},
  title     = {PhyCS 2014 - Proceedings of the International Conference
               on Physiological Computing Systems, Lisbon, Portugal, 7
               - 9 January, 2014},
  booktitle = {PhyCS},
  publisher = {SciTePress},
  year      = {2014},
  isbn      = {978-989-758-006-2},
  bibsource = {DBLP, http://dblp.uni-trier.de}
}
