@MISC{Starner97augmentedreality,
    author = {Thad Starner and Steve Mann and Bradley Rhodes and Jeffrey Levine and Jennifer Healey and Dana Kirsch and Rosalind W. Picard and Alex Pentland},
    title = {Augmented Reality Through Wearable Computing},
    year = {1997}
}

@article{levine,
        Title = {What is stress},
        Author = {Levine S},
        Year = {1991},
        Journal = {Neurobiology and Neuroendoncrinology},
        Pages = {13—21},
}
@article{Dey2001,
 author = {Dey, Anind K.},
 title = {Understanding and Using Context},
 journal = {Personal Ubiquitous Comput.},
 issue_date = {February 2001},
 volume = {5},
 number = {1},
 month = jan,
 year = {2001},
 issn = {1617-4909},
 pages = {4--7},
 numpages = {4},
 url = {http://dx.doi.org/10.1007/s007790170019},
 doi = {10.1007/s007790170019},
 acmid = {593572},
 publisher = {Springer-Verlag},
 address = {London, UK, UK},
} 

 
@incollection{Aziz,
year={2012},
isbn={978-3-642-31086-7},
booktitle={Advanced Research in Applied Artificial Intelligence},
volume={7345},
series={Lecture Notes in Computer Science},
editor={Jiang, He and Ding, Wei and Ali, Moonis and Wu, Xindong},
doi={10.1007/978-3-642-31087-4_52},
title={An Ambient Agent Model for Support of Informal Caregivers during Stress},
url={http://dx.doi.org/10.1007/978-3-642-31087-4_52},
publisher={Springer Berlin Heidelberg},
keywords={Integrative ambient agent model; caregiver stress; caregiving interactions; intelligent support},
author={Aziz, AziziAb and Treur, Jan and van der Wal, C.Natalie},
pages={501-513},
language={English}
}

@INPROCEEDINGS{Rhodes97thewearable,
    author = {Bradley J. Rhodes},
    title = {The Wearable Remembrance Agent: A System for Augmented Memory},
    booktitle = {Personal Technologies},
    year = {1997},
    pages = {123--128}
}
@book{bernier2010autism,
  title={Autism Spectrum Disorders: A Reference Handbook},
  author={Bernier, R.A. and Gerdts, J.},
  isbn={9781598843347},
  lccn={2010018022},
  series={Contemporary world issues},
  url={http://books.google.com.mx/books?id=9RrshCudnIAC},
  year={2010},
  publisher={ABC-CLIO}
}

@inproceedings{Lu2012,
 author = {Lu, Hong and Frauendorfer, Denise and Rabbi, Mashfiqui and Mast, Marianne Schmid and Chittaranjan, Gokul T. and Campbell, Andrew T. and Gatica-Perez, Daniel and Choudhury, Tanzeem},
 title = {StressSense: Detecting Stress in Unconstrained Acoustic Environments Using Smartphones},
 booktitle = {Proceedings of the 2012 ACM Conference on Ubiquitous Computing},
 series = {UbiComp '12},
 year = {2012},
 isbn = {978-1-4503-1224-0},
 location = {Pittsburgh, Pennsylvania},
 pages = {351--360},
 numpages = {10},
 url = {http://doi.acm.org/10.1145/2370216.2370270},
 doi = {10.1145/2370216.2370270},
 acmid = {2370270},
 publisher = {ACM},
 address = {New York, NY, USA},
 keywords = {mHealth, model adaptation, sensing, stress, user modeling},
} 

@article{Sebastian2013556,
title = "A Theoretical Approach to Stress and Self-efficacy ",
journal = "Procedia - Social and Behavioral Sciences ",
volume = "78",
number = "0",
pages = "556 - 561",
year = "2013",
note = "\{PSIWORLD\} 2012 ",
issn = "1877-0428",
doi = "http://dx.doi.org/10.1016/j.sbspro.2013.04.350",
url = "http://www.sciencedirect.com/science/article/pii/S1877042813009191",
author = "VlÄsceanu Sebastian",
keywords = "stress",
keywords = "self-efficacy",
keywords = "stressor",
keywords = "cognitive",
keywords = "response "
}

@article {PMID2235645,
        Title = {Stress and anxiety},
        Author = {Robinson, L},
        Number = {4},
        Volume = {25},
        Month = {December},
        Year = {1990},
        Journal = {The Nursing clinics of North America},
        ISSN = {0029-6465},
        Pages = {935—943},
        URL = {http://europepmc.org/abstract/MED/2235645}
}
@inproceedings{Bakker2012SMS,
 author = {Bakker, Jorn and Holenderski, Leszek and Kocielnik, Rafal and Pechenizkiy, Mykola and Sidorova, Natalia},
 title = {Stess@Work: From Measuring Stress to Its Understanding, Prediction and Handling with Personalized Coaching},
 booktitle = {Proceedings of the 2Nd ACM SIGHIT International Health Informatics Symposium},
 series = {IHI '12},
 year = {2012},
 isbn = {978-1-4503-0781-9},
 location = {Miami, Florida, USA},
 pages = {673--678},
 numpages = {6},
 url = {http://doi.acm.org/10.1145/2110363.2110439},
 doi = {10.1145/2110363.2110439},
 acmid = {2110439},
 publisher = {ACM},
 address = {New York, NY, USA},
 keywords = {stress at work, stress coaching, stressors},
}
@inproceedings{Ayzenberg2012,
 author = {Ayzenberg, Yadid and Hernandez Rivera, Javier and Picard, Rosalind},
 title = {FEEL: Frequent EDA and Event Logging -- a Mobile Social Interaction Stress Monitoring System},
 booktitle = {CHI '12 Extended Abstracts on Human Factors in Computing Systems},
 series = {CHI EA '12},
 year = {2012},
 isbn = {978-1-4503-1016-1},
 location = {Austin, Texas, USA},
 pages = {2357--2362},
 numpages = {6},
 url = {http://doi.acm.org/10.1145/2212776.2223802},
 doi = {10.1145/2212776.2223802},
 acmid = {2223802},
 publisher = {ACM},
 address = {New York, NY, USA},
 keywords = {affective computing, contextual information, electrodermal activity, life-logging., mobile phone application, stress monitoring},
} 

@inproceedings{Ertin2011,
 author = {Ertin, Emre and Stohs, Nathan and Kumar, Santosh and Raij, Andrew and al'Absi, Mustafa and Shah, Siddharth},
 title = {AutoSense: Unobtrusively Wearable Sensor Suite for Inferring the Onset, Causality, and Consequences of Stress in the Field},
 booktitle = {Proceedings of the 9th ACM Conference on Embedded Networked Sensor Systems},
 series = {SenSys '11},
 year = {2011},
 isbn = {978-1-4503-0718-5},
 location = {Seattle, Washington},
 pages = {274--287},
 numpages = {14},
 url = {http://doi.acm.org/10.1145/2070942.2070970},
 doi = {10.1145/2070942.2070970},
 acmid = {2070970},
 publisher = {ACM},
 address = {New York, NY, USA},
 keywords = {deployment experiences, mobile health, psychological stress monitoring, wearable physiological sensors},
} 
@inproceedings{Rennert2013,
 author = {Rennert, Kara and Karapanos, Evangelos},
 title = {Faceit: Supporting Reflection Upon Social Anxiety Events with Lifelogging},
 booktitle = {CHI '13 Extended Abstracts on Human Factors in Computing Systems},
 series = {CHI EA '13},
 year = {2013},
 isbn = {978-1-4503-1952-2},
 location = {Paris, France},
 pages = {457--462},
 numpages = {6},
 url = {http://doi.acm.org/10.1145/2468356.2468437},
 doi = {10.1145/2468356.2468437},
 acmid = {2468437},
 publisher = {ACM},
 address = {New York, NY, USA},
 keywords = {cognitive behavioral therapy, lifelog, social anxiety},
}

